%This is where we should include new references
%Try to keep the format the same as bib.bib
%It may be helpful to use JabRef